<?xml version="1.0" encoding="UTF-8"?><collection xmlns="http://www.loc.gov/MARC21/slim"><record><leader>00387nam--2200157-i-4500</leader><controlfield tag="001">000020673</controlfield><controlfield tag="002">20161230</controlfield><controlfield tag="005">20161230201033</controlfield><controlfield tag="008">060222s1000------------r-----000-0-eng-d</controlfield><datafield ind1=" " ind2=" " tag="020"><subfield code="a">0-12-267</subfield></datafield><datafield ind1=" " ind2=" " tag="080"><subfield code="a">512.55</subfield></datafield><datafield ind1=" " ind2=" " tag="100"><subfield code="a">Frrenkel, Igor</subfield></datafield><datafield ind1=" " ind2=" " tag="245"><subfield code="a">Vertex operator algebras and the monster</subfield></datafield><datafield ind1=" " ind2=" " tag="260"><subfield code="a">London, Academic Press, 1988. 508 P</subfield></datafield><datafield ind1=" " ind2=" " tag="490"><subfield code="a">Mathematics</subfield></datafield><datafield ind1=" " ind2=" " tag="852"><subfield code="a">13669</subfield></datafield></record></collection>